% Encoding: UTF-8

@Misc{Carman2017,
  author       = {Ashley Carman},
  title        = {Equifax compromised 143 million people's Social Security numbers and other data},
  howpublished = {\url{https://www.theverge.com/2017/9/7/16270808/equifax-data-breach-us-identity-theft}},
  month        = sep,
  year         = {2017},
}

@Misc{Equifax2017,
  author       = {Equifax},
  title        = {Equifax Announces Cybersecurity Incident Involving Consumer Information},
  howpublished = {\url{https://investor.equifax.com/news-and-events/news/2017/09-07-2017-213000628}},
  month        = sep,
  year         = {2017},
}

@Comment{jabref-meta: databaseType:bibtex;}
